@article{nurseitov2009comparison,
  title={Comparison of JSON and XML Data Interchange Formats: A Case Study.},
  author={Nurseitov, Nurzhan and Paulson, Michael and Reynolds, Randall and Izurieta, Clemente},
  journal={CAINE},
  volume={2009},
  pages={157--162},
  year={2009}
}

@inproceedings{mulligan2009comparison,
  title={A comparison of SOAP and REST implementations of a service based interaction independence middleware framework},
  author={Mulligan, Gavin and Gracanin, Denis},
  booktitle={Simulation Conference (WSC), Proceedings of the 2009 Winter},
  pages={1423--1432},
  year={2009},
  organization={IEEE}
}

@article{akyildiz2002wireless,
  title={Wireless sensor networks: a survey},
  author={Akyildiz, Ian F and Su, Weilian and Sankarasubramaniam, Yogesh and Cayirci, Erdal},
  journal={Computer networks},
  volume={38},
  number={4},
  pages={393--422},
  year={2002},
  publisher={Elsevier}
}


@book{somekh2006action,
  title={Action research: A methodology for change and development},
  author={Somekh, Bridget},
  year={2006},
  publisher={McGraw-Hill International}
}

@inproceedings{fernandes1995global,
  title={Global user interface design},
  author={Fernandes, Tony},
  booktitle={Conference companion on Human factors in computing systems},
  pages={363--364},
  year={1995},
  organization={ACM}
}

@incollection{bosch2004software,
  title={Software architecture: The next step},
  author={Bosch, Jan},
  booktitle={Software architecture},
  pages={194--199},
  year={2004},
  publisher={Springer}
}

@article{he2003service,
  title={What is service-oriented architecture},
  author={He, Hao},
  journal={Publica{\c{c}}{\~a}o eletr{\^o}nica em},
  volume={30},
  year={2003}
}

@inproceedings{papazoglou2003service,
  title={Service-oriented computing: Concepts, characteristics and directions},
  author={Papazoglou, Mike P},
  booktitle={Web Information Systems Engineering, 2003. WISE 2003. Proceedings of the Fourth International Conference on},
  pages={3--12},
  year={2003},
  organization={IEEE}
}

@book{erl2004service,
  title={Service-oriented architecture},
  author={Erl, Thomas},
  year={2004},
  publisher={Prentice Hall Englewood Cliffs}
}

@book{krafzig2005enterprise,
  title={Enterprise SOA: service-oriented architecture best practices},
  author={Krafzig, Dirk and Banke, Karl and Slama, Dirk},
  year={2005},
  publisher={Prentice Hall Professional}
}

@book{ducatel2001scenarios,
  title={Scenarios for ambient intelligence in 2010},
  author={Ducatel, Ken and Bogdanowicz, Marc and Scapolo, Fabiana and Leijten, Jos and Burgelman, Jean-Claude},
  year={2001},
  publisher={Office for official publications of the European Communities}
}

@book{aarts2006into,
  title={Into ambient intelligence},
  author={Aarts, Emile and others},
  year={2006},
  publisher={Springer}
}

@article{ducatel2003ambient,
  title={Ambient intelligence: From vision to reality},
  author={Ducatel, K and Bogdanowicz, M and Scapolo, F and Leijten, J and Burgelman, JC},
  journal={IST Advisory Group Draft Rep., Eur. Comm},
  year={2003}
}

@inproceedings{bentley2007time,
  title={A time to glance: Studying the use of mobile ambient information},
  author={Bentley, Frank and Tullio, Joe and Metcalf, Crysta and Harry, Drew and Massey, Noel},
  booktitle={Workshop at Pervasive 2007 Designing and Evaluating Ambient Information Systems},
  pages={1},
  year={2007}
}

@inproceedings{streitz2003situated,
  title={Situated interaction with ambient information: Facilitating awareness and communication in ubiquitous work environments},
  author={Streitz, Norbert A and R{\"o}cker, Carsten and Prante, Thorsten and Stenzel, Richard and van Alphen, Daniel},
  booktitle={Tenth International Conference on Human-Computer Interaction (HCI International 2003)},
  year={2003},
  organization={Citeseer}
}

@article{stavropoulos2011survey,
  title={A survey of service composition in ambient intelligence environments},
  author={Stavropoulos, Thanos G and Vrakas, Dimitris and Vlahavas, Ioannis},
  journal={Artificial Intelligence Review},
  pages={1--24},
  year={2011},
  publisher={Springer}
}

@article{levin1999fundamentals,
  title={Fundamentals of remote sensing},
  author={Levin, Noam},
  journal={1st Hydrographic Data Management Course, IMOâ€”International Maritime Academy, Trieste},
  year={1999}
}


@article{salber1999designing,
  title={Designing for ubiquitous computing: A case study in context sensing},
  author={Salber, Daniel and Dey, Anind K and Orr, Robert J and Abowd, Gregory D},
  year={1999},
  publisher={Georgia Institute of Technology}
}


@article{himakashi2012wireless,
  title={A Review: Wireless Sensor Networks Application and Technology},
  author={Himakshi and Charan Kamaljit Singh},
  journal={International Journal of Computing \& Business Research},
  year={2012}
}

@incollection{pimenta2013monitoring,
  title={Monitoring Mental Fatigue through the Analysis of Keyboard and Mouse Interaction Patterns},
  author={Pimenta, Andr{\'e} and Carneiro, Davide and Novais, Paulo and Neves, Jos{\'e}},
  booktitle={Hybrid Artificial Intelligent Systems},
  pages={222--231},
  year={2013},
  publisher={Springer}
}






@incollection{pimenta2014analysis,
  title={Analysis of Human Performance as a Measure of Mental Fatigue},
  author={Pimenta, Andr{\'e} and Carneiro, Davide and Novais, Paulo and Neves, Jos{\'e}},
  booktitle={Hybrid Artificial Intelligence Systems},
  pages={389--401},
  year={2014},
  publisher={Springer}
}



@inproceedings{vega2012smart,
  title={Smart spaces and smart objects interoperability architecture (S3OiA)},
  author={Vega-Barbas, Mario and Casado-Mansilla, Diego and Valero, Miguel A and L{\'o}pez-de-Ipina, Diego and Bravo, Jos{\'e} and Fl{\'o}rez, Francisco},
  booktitle={Innovative Mobile and Internet Services in Ubiquitous Computing (IMIS), 2012 Sixth International Conference on},
  pages={725--730},
  year={2012},
  organization={IEEE}
}


@inproceedings{jammes2005service,
  title={Service-oriented device communications using the devices profile for web services},
  author={Jammes, Fran{\c{c}}ois and Mensch, Antoine and Smit, Harm},
  booktitle={Proceedings of the 3rd international workshop on Middleware for pervasive and ad-hoc computing},
  pages={1--8},
  year={2005},
  organization={ACM}
}

@inproceedings{song2009service,
  title={Service-oriented sensor data interoperability for IEEE 1451 smart transducers},
  author={Song, Eugene Y and Lee, Kang B},
  booktitle={Instrumentation and Measurement Technology Conference, 2009. I2MTC'09. IEEE},
  pages={1043--1048},
  year={2009},
  organization={IEEE}
}

@article{bucanek2009model,
  title={Model-View-Controller Pattern},
  author={Bucanek, James},
  journal={Learn Objective-C for Java Developers},
  pages={353--402},
  year={2009},
  publisher={Springer}
}